@article{brown2003secondary,
  author = {Brown, M. R. and Higgins, K. and Pierce, T. and Hong, E. and Thoma, C.},
  title = {Secondary Students’ Perceptions of School Life with Regard to Alienation: The Effects of Disability, Gender and Race},
  journal = {Learning Disability Quarterly},
  volume = {26},
  number = {4},
  pages = {227--238},
  year = {2003},
  doi = {10.2307/1593636}
}

@article{caglar2013relationship,
  author = {Caglar, C.},
  title = {The Relationship between the Perceptions of Fairness of the Learning Environment and the Level of Alienation},
  journal = {Egitim Arastirmalari - Eurasian Journal of Educational Research},
  volume = {50},
  pages = {185--206},
  year = {2013}
}

@article{caselman2007adolescent,
  author = {Caselman, T. D. and Self, P. A.},
  title = {Adolescent Perception of Self as a Close Friend: Culture and Gendered Contexts},
  journal = {Social Psychology of Education},
  volume = {10},
  number = {3},
  pages = {353--373},
  year = {2007},
  doi = {10.1007/s11218-007-9018-y}
}

@article{david2014adjustment,
  author = {David, L. T. and Nită, G. L.},
  title = {Adjustment to First Year of College – Relations among Self-Perception, Trust, Mastery and Alienation},
  journal = {Procedia - Social and Behavioral Sciences},
  volume = {127},
  pages = {139--143},
  year = {2014},
  doi = {10.1016/j.sbspro.2014.03.228}
}

@article{deng2024interdependence,
  author = {Deng, T.},
  title = {The Interdependence of Educational Alienation and Equality: Rethinking China’s Examination-Oriented Education System},
  journal = {Cogent Education},
  volume = {11},
  number = {1},
  year = {2024},
  doi = {10.1080/2331186x.2024.2385770}
}

@article{gao2020shyness,
  author = {Gao, Y. and Zhang, W. and Deng, Q. and Sun, C. and Gao, F. and Chen, Y.},
  title = {Shyness and Social Adjustment in Chinese College Students: A Moderated Mediation of Alienation and School Connectedness},
  journal = {Current Psychology},
  volume = {41},
  number = {2},
  year = {2020},
  doi = {10.1007/s12144-020-01073-9}
}

@book{hegel2018phenomenology,
  author = {Hegel, G. W. F.},
  editor = {Baur, M. and Pinkard, T.},
  translator = {Pinkard, T.},
  title = {Georg Wilhelm Friedrich Hegel: The Phenomenology of Spirit},
  publisher = {Cambridge University Press},
  year = {2018},
  note = {Original work published 1807}
}

@article{morinaj2018school,
  author = {Morinaj, J. and Hascher, T.},
  title = {School Alienation and Student Well-Being: A Cross-Lagged Longitudinal Analysis},
  journal = {European Journal of Psychology of Education},
  volume = {34},
  number = {2},
  pages = {273--294},
  year = {2018},
  doi = {10.1007/s10212-018-0381-1}
}

@article{trivedi2021student,
  author = {Trivedi, R. and Prakasha, G. S.},
  title = {Student Alienation and Perceived Organizational Culture: A Correlational Study},
  journal = {International Journal of Evaluation and Research in Education (IJERE)},
  volume = {10},
  number = {4},
  pages = {1149},
  year = {2021},
  doi = {10.11591/ijere.v10i4.21304}
}

@article{velden2012institutional,
  author = {van der Velden, G.},
  title = {Institutional Level Student Engagement and Organisational Cultures},
  journal = {Higher Education Quarterly},
  volume = {66},
  number = {3},
  pages = {227--247},
  year = {2012},
  doi = {10.1111/j.1468-2273.2012.00521.x}
}

@article{wang2011woguo,
  author = {Wang, J.},
  title = {Woguo Jiaoyu Yihua de Xianshi Biaoxian Jiqi Duice Yanjiu [The Study of the Actual Performance of the Alienation of Education and Relevant Strategies]},
  journal = {Advances in Education},
  volume = {01},
  number = {02},
  pages = {51--54},
  year = {2011},
  doi = {10.12677/ae.2011.12010}
}

@article{wong2021student,
  author = {Wong, Y. L.},
  title = {Student Alienation in Higher Education under Neoliberalism and Global Capitalism: A Case of Community College Students’ Instrumentalism in Hong Kong},
  journal = {Community College Review},
  volume = {50},
  number = {1},
  pages = {009155212110476},
  year = {2021},
  doi = {10.1177/00915521211047680}
}

@article{wu2024sense,
  author = {Wu, H. and You, J. and An, Z. and Hu, H. and Tian, M. and Cao, T. and Li, H. and Song, J. and Ding, Y. and Zhang, G. and Zhang, X. and Wu, W.},
  title = {Sense of Alienation, Security, and Life Satisfaction among Undergraduate: A Cross-Sectional Study from China},
  journal = {Research Square},
  year = {2024},
  doi = {10.21203/rs.3.rs-4336978/v1}
}

@article{xia2024jiaoyu,
  author = {Xia, X.},
  title = {Jiaoyu Yihua Genyuan yu Xiaojie Tujing Tantao [Discussion on the Root of Educational Dissimilation and Its Resolution]},
  journal = {Advances in Education},
  volume = {14},
  number = {07},
  pages = {714--719},
  year = {2024},
  doi = {10.12677/ae.2024.1471224}
}

@misc{zhang2003daxuesheng,
  author = {Zhang, N.},
  title = {Daxuesheng Zhong de “Yihua” Xianxiang yu Daxue Deyu [The Phenomenon of “Alienation” among University Students and Moral Education in Universities]},
  publisher = {Institute of Moral Education, Nanjing Normal University},
  year = {2003},
  url = {https://dys.njnu.edu.cn/info/1026/5528.htm}
}